% !TEX root = thesis.tex

@note{SAMR21XPro,
  url ="https://os.mbed.com/platforms/SAMR21-XPRO/",
  title ="{{Atmel AT SAMR21-XPRO}}",
  journal = "ARM Embed",
}

@note{ATSAMR21,
  url = "https://www.microchip.com/wwwproducts/en/ATSAMR21G18",
  title = {{ATSAMR21G18A}}
}

@note{CORTEXM0,
  url = "https://developer.arm.com/products/processors/cortex-m/cortex-m0-plus",
  title = {{ATSAMR21G18A}}
}

@note{S74LS151,
  url = "https://github.com/fu-inet-swp17/team1/blob/master/res/datasheets/SN74LS151N.pdf",
  title ={{S74LS151}}
}

@note{WS2811,
  url = "https://github.com/fu-inet-swp17/team1/blob/master/res/datasheets/WS2811.pdf",
  title = {{WS2811}}
}

@note{L298H,
  url = "https://www.canakit.com/Media/Manuals/UK1122.pdf",
  title = {{L298-H}}
}

@note{DOGL128B,
  url = "http://www.lcd-module.de/pdf/grafik/dogl128-6.pdf",
  title = {{DOGL128B-7}}
}

@note{COAP,
  url = "http://coap.technology/",
  title = {{CoAP}}
}

@note{SENML,
  url = "https://github.com/core-wg/senml-spec",
  title = {{SenML}}
}
